<?xml version="1.0" encoding="UTF-8"?><collection xmlns="http://www.loc.gov/MARC21/slim"><record><leader>00524nam--2200193-i-4500</leader><controlfield tag="001">000030967</controlfield><controlfield tag="002">20161230</controlfield><controlfield tag="005">20161230201038</controlfield><controlfield tag="008">060222s1000------------r-----000-0-eng-d</controlfield><datafield ind1=" " ind2=" " tag="040"><subfield code="a">IFIN-HH</subfield></datafield><datafield ind1=" " ind2=" " tag="080"><subfield code="a">539.1</subfield></datafield><datafield ind1="1" ind2=" " tag="100"><subfield code="a">Harnwell, G.P</subfield></datafield><datafield ind1="1" ind2="0" tag="245"><subfield code="a">Experimental atomic physics</subfield><subfield code="c">G.p. harnwell, j.j. livingood</subfield></datafield><datafield ind1=" " ind2=" " tag="250"><subfield code="a">First Edition Eighth Impression</subfield></datafield><datafield ind1=" " ind2=" " tag="260"><subfield code="a">New York</subfield><subfield code="b">Mcgraw-hill</subfield><subfield code="c">1933</subfield></datafield><datafield ind1=" " ind2=" " tag="300"><subfield code="a">XIV+472P. CU ILUSTR</subfield></datafield><datafield ind1="1" ind2=" " tag="700"><subfield code="a">Livingood, J.J</subfield></datafield><datafield ind1=" " ind2=" " tag="852"><subfield code="a">10623</subfield><subfield code="c">539</subfield></datafield><datafield ind1=" " ind2=" " tag="CAT"><subfield code="a">Sys</subfield><subfield code="c">20110922</subfield><subfield code="h">153724</subfield></datafield></record></collection>